@manual{Grundpraktikum,
  author = {H. J. Eichler},
  title = {Das Neue Physikalische Grundpraktikum},
  year = 2006
}

@online{GGU,
	title = {Die Geomagnetik },
	url = {http://www.ggukarlsruhe.de/Messverfahren_Geophysik_zersto/Geomagnetik_Magnetik_Erdmagnet/hauptteil_geomagnetik_magnetik_erdmagnet.html},
	urldate = {2014-04-25},
}

@online{Gar07,
	title = {Bachlorarbeit zum Thema Solarzellen},
	url = {http://www.solalbert.info/downloads/files/BachelorarbeitSolarzellen.pdf},
	urldate = {2014-06-09},
}

@online{FranckHertz14,
	title = {Auszug aus: Über Zusammenstöße zwischen Elektronen und den Molekülen des Quecksilberdampfes
	und die Ionisierungsspannung  desselben},
	author = {James Franck{,} Gustav Hertz},
	url = {http://www.dpg-physik.de/presse/veranstaltungen/tagungen/2014/pdf/Franck-Hertz-Experiment-VH1914.pdf},
	urldate = {2014-05-19},
}

@online{NuklidKarte_Rh,
	title = {Interactive Chart of Nuclides: Rhodium},
	author= {National Nuclear Data Center},
	url = {http://www.nndc.bnl.gov/chart/reCenter.jsp?z=45&n=59},
	urldate = {2014-05-30},
}

@online{NuklidKarte_In,
	title = {Interactive Chart of Nuclides: Indium},
	author= {National Nuclear Data Center},
	url = {http://www.nndc.bnl.gov/chart/reCenter.jsp?z=49&n=67},
	urldate = {2014-05-30},
}

@book{Kuchling07,
	author = {Horst Kuchling},
	title = {Taschenbuch der Physik},
	date = {2007},
	edition = {19},
	location = {Fachbuchverlag Leibzig im Carl Hanser Verlag München},
}
@book{Metzler07,
	author = {Joachim Grehn {,} Joachim Krause},
	title = {Metzler Physik},
	date = {2007},
	edition = {4},
	location = {Bildungshaus Schulbuchverlage},
}


@book{Mende09,
	author = {Dietmar Mende{,} Günther Simon},
	title = {Physik},
	date = {2009},
	subtitle = {Gleichungen und Tabellen},
	edition = {16},
	location = {Fachbuchverlag Leibzig im Carl Hanser Verlag München},
}

@book{Bortz10,
	author = {Jürgen Bortz{,} Christof Schuster},
	title = {Statistik für Human- und Sozialwissenschaftler},
	date = {2010},
	edition = {7},
	location = {Springer-Verlag Berlin Heidelberg},
}

@book{Kohlrausch96,
	author = {W. Albers},
	title = {Praktische Physik Band 3},
	date = {2009},
	%subtitle = {Gleichungen und Tabellen},
	%OPTtitleaddon = {titleaddon},
	%OPTedition = {edition},
	edition = {24},
	location = {B.G. Teubner Stuttgart},
}


@misc{SciPy,
title = {SciPy},
url = {http://docs.scipy.org/doc/},
urldate = {2014-06-02},
}

@manual{V201,
title = {Versuchsanleitung},
subtitle = {V201 Dulong-Petitsches Gesetz} ,
url = {http://129.217.224.2/HOMEPAGE/PHYSIKER/BACHELOR/AP/SKRIPT/V201.pdf},
}

@manual{V203,
title = {Versuchsanleitung},
subtitle = {V203 Verdampfungswärme und Dampfdruck-Kurve},
url = {http://129.217.224.2/HOMEPAGE/PHYSIKER/BACHELOR/AP/SKRIPT/V203.pdf},
}

@manual{V206,
title = {Versuchsanleitung},
subtitle = {V206 Wärmepumpe} ,
url = {http://129.217.224.2/HOMEPAGE/PHYSIKER/BACHELOR/AP/SKRIPT/V206.pdf},
}

@manual{V500,
title = {Versuchsanleitung},
subtitle = {V501 Photoeffekt} ,
url = {http://129.217.224.2/HOMEPAGE/PHYSIKER/BACHELOR/AP/SKRIPT/V500.pdf},
urldate = {2014-05-09},
}
@manual{V501,
title = {Versuchsanleitung},
subtitle = {V501 Elektronen im elektrischen Feld} ,
url = {http://129.217.224.2/HOMEPAGE/PHYSIKER/BACHELOR/AP/SKRIPT/V501.pdf},
urldate = {2014-04-23},
}

@manual{V502,
title = {Versuchsanleitung},
subtitle = {V502 Elektronen im Magnetfeld} ,
url = {http://129.217.224.2/HOMEPAGE/PHYSIKER/BACHELOR/AP/SKRIPT/V502.pdf},
urldate = {2014-04-23},
}

@manual{V503,
title = {Versuchsanleitung},
subtitle = {V503 Der Millikan-Versuch} ,
url = {http://129.217.224.2/HOMEPAGE/PHYSIKER/BACHELOR/AP/SKRIPT/Millikan.pdf},
urldate = {2014-06-19},
}

@manual{V302,
title = {Versuchsanleitung},
subtitle = {V302 Elektrische Bückenschaltungen} ,
url = {http://129.217.224.2/HOMEPAGE/PHYSIKER/BACHELOR/AP/SKRIPT/V302.pdf},
}

@manual{V355,
title = {Versuchsanleitung},
subtitle = {V355 Gekoppelte Schwingkreise} ,
url = {http://129.217.224.2/HOMEPAGE/PHYSIKER/BACHELOR/AP/SKRIPT/V355.pdf},
urldate = {2014-01-16},
}

@manual{V104,
title = {Versuchsanleitung},
subtitle = {V104 Der Doppler-Effekt} ,
url = {http://129.217.224.2/HOMEPAGE/PHYSIKER/BACHELOR/AP/SKRIPT/V104.pdf},
urldate = {2014-01-30},
}


@manual{V601,
title = {Versuchsanleitung},
subtitle = {V701 Franck-Hertz-Versuch} ,
url = {http://129.217.224.2/HOMEPAGE/PHYSIKER/BACHELOR/AP/SKRIPT/V601.pdf},
urldate = {2014-05-18},
}

@manual{V701,
title = {Versuchsanleitung},
subtitle = {V701 Reichweite von Alphastrahlung} ,
url = {http://129.217.224.2/HOMEPAGE/PHYSIKER/BACHELOR/AP/SKRIPT/V701.pdf},
urldate = {2014-04-21},
}
@manual{V702,
title = {Versuchsanleitung},
subtitle = {V702 Aktivierung mit Neutronen},
url = {http://129.217.224.2/HOMEPAGE/PHYSIKER/BACHELOR/AP/SKRIPT/V702.pdf},
urldate = {2014-06-26},
}
@manual{V703,
title = {Versuchsanleitung},
subtitle = {V703 Geiger-Müller-Zählrohr} ,
url = {http://129.217.224.2/HOMEPAGE/PHYSIKER/BACHELOR/AP/SKRIPT/V703.pdf},
urldate = {2014-06-26},
}

@manual{NHV1,
title = {Versuchsanleitung},
subtitle = {NHV1: Die Solarzelle} ,
url = {http://129.217.224.2/HOMEPAGE/PHYSIKER/BACHELOR/AP/SKRIPT/SolarzelleMP.pdf},
urldate = {2014-06-07},
}

@article{matplotlib,
	author = "Hunter, John D.",
	title = "{Matplotlib}: A {2D} Graphics Environment",
	publisher = "IEEE",
	year = "2007",
	journal = "Computing in Science \& Engineering",
	volume = "9",
	number = "3",
	pages = "90--95",
	url = "http://matplotlib.org/",
	version = "1.4.3",
}

@article{numpy,
	author = "Oliphant, Travis E.",
	title = "{NumPy}: {Python} for Scientific Computing",
	publisher = "IEEE",
	year = "2007",
	journal = "Computing in Science \& Engineering",
	volume = "9",
	number = "3",
	pages = "10--20",
	url = "http://www.numpy.org/",
	version = "1.9.2",
}

@article{scikit,
	title={Scikit-learn: Machine Learning in {P}ython},
	author={Pedregosa, F. and Varoquaux, G. and Gramfort, A. and Michel, V.
	and Thirion, B. and Grisel, O. and Blondel, M. and Prettenhofer, P.
	and Weiss, R. and Dubourg, V. and Vanderplas, J. and Passos, A. and
	Cournapeau, D. and Brucher, M. and Perrot, M. and Duchesnay, E.},
	journal={Journal of Machine Learning Research},
	volume={12},
	pages={2825--2830},
	year={2011}
}

@software{yellowbrick,
	title = {Yellowbrick},
	rights = {Apache License 2.0},
	url = {http://www.scikit-yb.org/en/latest/},
	abstract = {Yellowbrick is an open source, pure Python project that
	extends the Scikit-Learn {API} with visual analysis and
	diagnostic tools. The Yellowbrick {API} also wraps Matplotlib to
	create publication-ready figures and interactive data
	explorations while still allowing developers fine-grain control
	of figures. For users, Yellowbrick can help evaluate the
	performance, stability, and predictive value of machine learning
	models, and assist in diagnosing problems throughout the machine
	learning workflow.},
	version = {0.6},
	author = {Bengfort, Benjamin and Danielsen, Nathan and
	Bilbro, Rebecca and Gray, Larry and {McIntyre}, Kristen and
	Richardson, George and Miller, Taylor and Mayfield, Gary and
	Schafer, Phillip and Keung, Jason},
	date = {2018-03-17},
	doi = {10.5281/zenodo.1206264}
}

@software{scipy,
	author = "Jones, Eric and Oliphant, Travis E. and Peterson, Pearu and others",
	title = "{SciPy}: Open source scientific tools for {Python}",
	url = "http://www.scipy.org/",
	version = "0.16.0",
}

@software{uncertainties,
	author = "Lebigot, Eric O.",
	title = "Uncertainties: a Python package for calculations with uncertainties",
	url = "http://pythonhosted.org/uncertainties/",
	version = "2.4.6.1"
}
